@MISC{NLIHCprob,
  author = {NLIHC},
  title = {The Problem},
  publisher = {NLIHC},
  howpublished = {Available at \url{https://nlihc.org/explore-issues/why-we-care/problem} (2022/03/27)}
}

@MISC{corradino,
  title={There Is No Easy Fix For The Affordable Housing Crisis},
  author={Sebastian Corradino},
  year={2021},
  month={September},
  publisher={Forbes},
  howpublished = {Available at \url{https://www.forbes.com/sites/forbesnonprofitcouncil/2021/09/07/there-is-no-easy-fix-for-the-affordable-housing-crisis/?sh=577b0bc773b7} (2022/03/26)}
}

@MISC{gap,
    title={The Gap: A Shortage of Affordable Homes},
    author={Andrew Aurand and Dan Emmanuel and Daniel Threet and Ikra Rafi and Diane Yentel},
    year={2021},
    month={May},
    publisher={NLIHC}
}

@MISC{JCHSreport,
    title={America's Rental Housing},
    author={JCHS},
    year={2020},
    publisher={Harvard JCHS}
}

@MISC{lee,
    title={WHO OWNS RENTAL PROPERTIES, AND IS IT CHANGING?},
    author={Hyojung Lee},
    year={2017},
    month={August},
    publisher={Harvard JCHS},
    howpublished = {Available at \url{https://www.jchs.harvard.edu/blog/who-owns-rental-properties-and-is-it-changing} (2022/03/26)}
}

@MISC{mari,
    title={Will Real Estate Ever Be Normal Again?},
    author={Francesca Mari},
    year={2021},
    month={November},
    publisher={The New York Times},
    howpublished = {Available at \url{https://www.nytimes.com/2021/11/12/magazine/real-estate-pandemic.html} (2022/03/27)}
}

@MISC{urban,
    title={The Future of Headship and Homeownership},
    author={Laurie Goodman and Jun Zhu},
    year={2021},
    month={January},
    publisher={Urban Institute},
    howpublished = {Available at \url{https://www.urban.org/research/publication/future-headship-and-homeownership} (2022/03/27)}
}