@inproceedings{rossi2015network,
  title={The network data repository with interactive graph analytics and visualization},
  author={Rossi, Ryan and Ahmed, Nesreen},
  booktitle={Twenty-ninth AAAI conference on artificial intelligence},
  year={2015}
}

@article{mcguffin2012simple,
  title={Simple algorithms for network visualization: A tutorial},
  author={McGuffin, Michael J},
  journal={Tsinghua Science and Technology},
  volume={17},
  number={4},
  pages={383--398},
  year={2012},
  publisher={TUP}
}

@article{ahmed2013network,
  title={Network sampling: From static to streaming graphs},
  author={Ahmed, Nesreen K and Neville, Jennifer and Kompella, Ramana},
  journal={ACM Transactions on Knowledge Discovery from Data (TKDD)},
  volume={8},
  number={2},
  pages={1--56},
  year={2013},
  publisher={ACM New York, NY, USA}
}

@inproceedings{yee2001animated,
  title={Animated exploration of graphs with radial layout},
  author={Yee, Ka-Ping and Fisher, Danyel and Dhamija, Rachna and Hearst, Marti},
  booktitle={Proc. IEEE InfoVis 2001},
  pages={43--50},
  year={2001}
}

@article{behrisch2019guiro,
  title={GUIRO: user-guided matrix reordering},
  author={Behrisch, Michael and Schreck, Tobias and Pfister, Hanspeter},
  journal={IEEE Transactions on Visualization and Computer Graphics},
  volume={26},
  number={1},
  pages={184--194},
  year={2019},
  publisher={IEEE}
}