@ARTICLE{wijk2005value,
  author = {van Wijk, JJ.},
  title = {The value of visualization},
  journal = {IEEE Visualization},
  year = {2005},
  pages = {79--86}
}

@article{pike2009science,
  title={The science of interaction},
  author={Pike, William A and Stasko, John and Chang, Remco and O'Connell, Theresa A},
  journal={Information Visualization},
  volume={8},
  number={4},
  pages={263--274},
  year={2009},
  publisher={SAGE Publications}
}

@inproceedings{hindalong2020towards,
  title={Towards Rigorously Designed Preference Visualizations for Group Decision Making},
  author={Hindalong, Emily and Johnson, Jordon and Carenini, Giuseppe and Munzner, Tamara},
  booktitle={2020 IEEE Pacific Visualization Symposium (PacificVis)},
  pages={181--190},
  year={2020},
  organization={IEEE}
}
@inproceedings{tominski2006fisheye,
  title={Fisheye tree views and lenses for graph visualization},
  author={Tominski, Christian and Abello, James and Van Ham, Frank and Schumann, Heidrun},
  booktitle={Tenth International Conference on Information Visualisation (IV'06)},
  pages={17--24},
  year={2006},
  organization={IEEE}
}
@article{bok2020augmenting,
  title={Augmenting parallel coordinates plots with color-coded stacked histograms},
  author={Bok, Jinwook and Kim, Bohyoung and Seo, Jinwook},
  journal={IEEE Transactions on Visualization and Computer Graphics},
  year={2020},
  publisher={IEEE}
}
@inproceedings{sarkar1993stretching,
  title={Stretching the rubber sheet: A metaphor for viewing large layouts on small screens},
  author={Sarkar, Manojit and Snibbe, Scott S and Tversky, Oren J and Reiss, Steven P},
  booktitle={Proceedings of the 6th annual ACM symposium on User interface software and technology},
  pages={81--91},
  year={1993}
}